<?xml version="1.0" encoding="UTF-8"?><collection xmlns="http://www.loc.gov/MARC21/slim"><record><leader>00536nam--2200169-i-4500</leader><controlfield tag="001">000032595</controlfield><controlfield tag="002">20161230</controlfield><controlfield tag="005">20161230201039</controlfield><controlfield tag="008">060222s1000------------r-----000-0-rum-d</controlfield><datafield ind1=" " ind2=" " tag="040"><subfield code="a">IFIN-HH</subfield></datafield><datafield ind1=" " ind2=" " tag="041"><subfield code="a">rum</subfield></datafield><datafield ind1="1" ind2=" " tag="100"><subfield code="a">Mocanu, D.R</subfield></datafield><datafield ind1="1" ind2="0" tag="245"><subfield code="a">Analiza experimentala a tensiunilor. bazale teoretice ale metodelor tensiometice si indicatii practice privind utilizarea acestora</subfield><subfield code="b">Vol. I</subfield><subfield code="c">D.r.mocanu (coordonator)</subfield></datafield><datafield ind1=" " ind2=" " tag="260"><subfield code="a">Bucuresti, Ed.Tehnica, 1976,</subfield></datafield><datafield ind1=" " ind2=" " tag="300"><subfield code="a">560 p</subfield></datafield><datafield ind1=" " ind2=" " tag="852"><subfield code="a">43866</subfield><subfield code="c">531.7</subfield></datafield><datafield ind1=" " ind2=" " tag="CAT"><subfield code="a">Sys</subfield><subfield code="c">20100709</subfield><subfield code="h">125114</subfield></datafield></record></collection>